\begin{thebibliography}{99}
%------------------------Chapter 01---------------------
\bibitem{MomentOverview} X. Luo, N. Xu, et al. Nucl. Sci. Technol. \textbf{28}, 112 (2017).
%------------------------Chapter 02---------------------

\end{thebibliography}